%% This BibTeX bibliography file was created using BibDesk.
%% http://bibdesk.sourceforge.net/


%% Created for Alan Schumitzky at 2017-11-25 22:09:49 -0800 


%% Saved with string encoding Unicode (UTF-8) 



@conference{Leary2017,
	Address = {Budapest, Hungary},
	Author = {Robert Leary},
	Booktitle = {Abstracts of the Annual Meeting of the Population Approach Group in Europe},
	Date-Added = {2017-10-25 05:26:30 +0000},
	Date-Modified = {2017-10-25 05:55:45 +0000},
	Month = {June},
	Number = {Abstract 7383},
	Organization = {PAGE: Population Analysis Group Europe},
	Pages = {26},
	Title = {An overview of nonparametric estimation methods used in population analysis.},
	Url = {www.page-meeting.org/?abstract=7383},
	Year = {2017},
	Bdsk-Url-1 = {www.page-meeting.org/?abstract=7383}}

@phdthesis{Squire2015,
	Address = {Department of Mathematics},
	Author = {Christopher Jordan-Squire},
	Date-Added = {2017-10-20 23:15:33 +0000},
	Date-Modified = {2017-11-26 06:09:37 +0000},
	School = {University of Washington},
	Title = {Convex Optimization over Probability Measures},
	Type = {{PhD} Dissertation},
	Year = {2015}}

@article{Savic2,
	Author = {Savic, R. M. and Karlsson, M. O.},
	Date-Added = {2016-05-17 23:13:36 +0000},
	Date-Modified = {2016-09-30 04:19:50 +0000},
	Journal = {AAPS J},
	Number = {3},
	Pages = {615-627},
	Title = {Evaluation of an extended grid method for estimation using nonparametric distributions},
	Volume = {11},
	Year = {2009}}

@article{NonNP,
	Author = {Savic RM, Kjellsson MC, Karlsson MO},
	Date-Added = {2016-05-17 08:20:04 +0000},
	Date-Modified = {2016-05-17 08:22:37 +0000},
	Journal = {Eur J Pharm Sci},
	Number = {1},
	Pages = {27-35},
	Title = {Evaluation of the nonparametric estimation method in NONMEM VI},
	Volume = {37},
	Year = {2009}}

@article{Laird1978,
	Author = {Laird, N.M.},
	Date-Added = {2016-05-17 08:05:06 +0000},
	Date-Modified = {2016-05-17 08:08:39 +0000},
	Journal = {JASA},
	Number = {805-811},
	Title = {Nonparametric maximum likelihood estimation of a mixing distribution},
	Volume = {73},
	Year = {1978}}

@book{Phelps1966,
	Author = {Phelps, R. R.},
	Date-Added = {2016-05-16 08:27:56 +0000},
	Date-Modified = {2016-05-16 09:19:31 +0000},
	Publisher = {D. Van Nostrand Company},
	Title = {Lectures on Choquet's Theorem},
	Year = {1966}}

@book{Simon2011,
	Author = {Simon, B.},
	Date-Added = {2016-05-16 07:56:51 +0000},
	Date-Modified = {2016-05-16 08:13:54 +0000},
	Publisher = {Cambridge University Press},
	Title = {Convexity Theory: An Analytic Viewpoint},
	Year = {2011}}

@article{Wang2015,
	Author = {X. Wang and Y. Wang},
	Date-Added = {2016-05-10 20:28:06 +0000},
	Date-Modified = {2016-05-11 02:32:16 +0000},
	Journal = {Stat Comput},
	Month = {Jan},
	Number = {1},
	Pages = {33-43},
	Title = {Nonparametric multivariate density estimation using mixtures},
	Volume = {25},
	Year = {2015}}

@conference{Aldaz2007,
	Author = {A. Aldaz and O. Sayar and L. Zufia and A. Viudez and J. Rifon and Y. Nieto},
	Booktitle = {Abstracts of the Annual Meeting of the Population Approach Group in Europe},
	Location = {K{\o}benhavn, Denmark},
	Month = {June},
	Series = {PAGE2007},
	Title = {Comparison between {NONMEM} and {NPAG} for gemcitabine modelling},
	Year = {2007}}

@article{Antic2009,
	Author = {J. Antic and C.M. Laffont and D. Chafa{\"{i}} and D. Concordet},
	Journal = {Computational Statistics and Data Analysis},
	Pages = {642--656},
	Title = {Comparison of nonparametric methods in nonlinear mixed effects models},
	Volume = {53},
	Year = {2009}}

@phdthesis{Baek2006,
	Author = {Yeongcheon Baek},
	Date-Modified = {2017-10-20 23:59:26 +0000},
	School = {University of Washington, Department of Mathematics},
	Title = {An Interior Point Approach to Constrained Nonparametric Mixture Models},
	Type = {{PhD} Dissertation},
	Year = 2006}

@article{Banks05,
	Author = {H. T. Banks and Y. Ma and L. Potter},
	Journal = {Journal of Inverse and Ill-Posed Problems},
	Pages = {1-26},
	Title = {A Simulation-based Comparison Between Parametric and Nonparametric Estimation Methods in PBPK Models},
	Volume = {13},
	Year = {2005}}

@article{Banks12,
	Author = {H. T. Banks and Z. R. Kenz and W. C. Thompson},
	Journal = {Journal of Inverse and Ill-posed Problems},
	Pages = {429--460},
	Title = {A Review of Selected Techniques in Inverse Problem Nonparametric Probability Distribution Estimation},
	Volume = {20},
	Year = {2012}}

@article{Baum1970,
	Author = {L. E. Baum and T. Petrie and G. Soules and N. Weiss},
	Journal = {Ann. Math. Statist.},
	Pages = {164--171},
	Title = {A Maximization Technique Occurring in the Statistical Analysis of Probabilistic Functions of Markov Chains},
	Volume = {41},
	Year = {1970}}

@article{Baverel2009,
	Author = {P. G. Baverel and R. M. Savic and J. J. Wilkins and M. O. Karlsson},
	Journal = {Journal of Pharmacokinetics and Pharmacodynamics},
	Pages = {297--315},
	Title = {Evaluation of the nonparametric estimation method in nonmem VI: application to real data},
	Volume = {36},
	Year = {2009}}

@article{Bayard2004,
	Author = {D. Bayard and R. Jelliffe},
	Journal = {Journal of Pharmacokinetics and Pharmacodynamics},
	Number = {1},
	Pages = {75--107},
	Title = {A Bayesian Approach to Tracking Patients Having Changing Pharmacokinetic Parameters},
	Volume = {31},
	Year = {2004}}

@misc{Bell2012b:Online,
	Author = {Bell, Bradley},
	Date-Modified = {2016-05-16 08:12:45 +0000},
	Howpublished = {\\ \url{http://moby.ihme.washington.edu/bradbell/non\_par/non\_par.xml}},
	Title = {Non-Parametric Population Analysis},
	Year = {2012}}

@article{Bender1962,
	Author = {J.F. Bender},
	Journal = {Numerische Mathematik},
	Number = {3},
	Pages = {238--252},
	Title = {Partitioning procedures for solving mixed-variables programming problems},
	Volume = {4},
	Year = {1962}}

@article{Bleyzac01,
	Author = {N Bleyzac and G Souillet and P Magron and A Janoly and P Martin and Y Bertrand and C Galambrun and Q Dai and P Maire and R Jelliffe and G Aulagner},
	Journal = {Bone Marrow Transplantation},
	Pages = {743--751},
	Title = {Improved clinical outcome of paediatric marrow recipients using a test dose and Bayesian pharmacokinetic individualization of busulfan dosage regimens},
	Volume = {28},
	Year = {2001}}

@article{Bondareva01,
	Author = {I. Bondareva and A. Sokolov and I. Tischenkova and R. Jelliffe},
	Journal = {Journal of Clinical Pharmacological Therapeutics},
	Pages = {213--223},
	Title = {Population Pharmacokinetic Modelling of Carbamazepine by using the Iterative Bayesian (IT2B) and the Nonparametric EM (NPEM) algorithms: Implications for Dosage},
	Volume = {26},
	Year = {2001}}

@book{Boyd2004,
	Author = {S. Boyd and L. Vandenberghe},
	Publisher = {Cambridge UniversityPress},
	Title = {Convex Optimization},
	Year = {2004}}

@article{Bulitta2009,
	Author = {J.B. Bulitta and C.B. Landersdorfer and M. Kinzig and. U. Holzgrabe and F. Sorgel},
	Journal = {Antimicrobial Agents and Chemotherapy},
	Month = {August},
	Number = {8},
	Pages = {3462--3471},
	Title = {New Semiphysiological Absorption Model To Assess the Pharmacodynamic Profile of Cefuroxime Axetil Using Nonparametric and Parametric Population Pharmacokinetics},
	Volume = {53},
	Year = {2009}}

@article{Bulitta2010,
	Author = {J.B. Bulitta and C.B. Landersdorfer and S.J. H{\"{u}}ttner and G.L. Drusano and M. Kinzig and. U. Holzgrabe and U. Stephan and F. Sorgel},
	Journal = {Antimicrobial Agents and Chemotherapy},
	Month = {March},
	Number = {3},
	Pages = {1275--1282},
	Title = {Population Pharmacokinetic Comparison and Pharmacodynamic Breakpoints of Ceftazidime in Cystic Fibrosis Patients and Healthy Volunteers},
	Volume = {54},
	Year = {2010}}

@misc{BurkeIPMMatlab,
	Author = {James Burke},
	Howpublished = {\url{http://www.math.washington.edu/$\sim$burke/}},
	Title = {Interior Point Method MATLAB Script},
	Year = {2013}}

@article{Bustad2006,
	Author = {A. Bustad and D. Terziivanov and R. Leary and R. Port and A. Schumitzky and R. Jelliffe},
	Journal = {Clinical Pharmacokinetics},
	Number = {4},
	Pages = {365--383},
	Title = {Parametric and Nonparametric Population Methods: Their comparative performance in analysing a clinical dataset and two {Monte Carlo} simulation studies},
	Volume = {45},
	Year = {2006}}

@article{Caratheodory1911,
	Author = {Carath\'eodory, C.},
	Journal = {Rend. Circ. Mat. Palermo},
	Pages = {193--217},
	Title = {\:Uber den Variabilit{\"a}tsbereich der Fourierschen Konstanten von positiven harmonischen Funktionen},
	Volume = {32},
	Year = {1911}}

@phdthesis{Chubatiuk2013,
	Author = {Chubatiuk, A.},
	Department = {Department of Mathematics},
	Institution = {University of Southern California},
	School = {Letters and Science},
	Title = {Nonparametric Estimation Of An Unknown Probability Distribution Using Maximum Likelihood And Bayesian Approaches},
	Type = {{PhD} Dissertation},
	Year = {2013}}

@article{Crisan2002,
	Author = {Crisan, D. and Doucer, A.},
	Journal = {IEEE Transactions Signal Processing},
	Pages = {736--74},
	Title = {A survey of convergence results on particle filtering methods for practitioners},
	Volume = {50},
	Year = {2002}}

@book{DandG1995,
	Author = {M. Davidian and D. M. Giltinan},
	Publisher = {Chapman and Hall/CRC Press},
	Title = {Nonlinear Models for Repeated Measurement Data},
	Year = {1995}}

@article{DandG2003,
	Author = {M. Davidian and D. M. Giltinan},
	Journal = {Journal of Agricultural, Biological, and Environmental Statistics},
	Number = {4},
	Pages = {387--419},
	Title = {Nonlinear Models for Repeated Measurement Data: An overview and update},
	Volume = {8},
	Year = {2003}}

@conference{Delattre2011,
	Author = {M. Delattre and M. Lavielle},
	Booktitle = {Abstracts of the Annual Meeting of the Population Approach Group in Europe},
	Pages = {Abstract 2054},
	Series = {PAGE 20},
	Url = {www.page-meeting.org/?abstract=2054},
	Year = {2011},
	Bdsk-Url-1 = {www.page-meeting.org/?abstract=2054}}

@article{DArgenio07,
	Author = {D. Z. D{'}Argenio and A. Schumitzky and X. Wang},
	Journal = {Computational Statistics and Data Analysis},
	Pages = {6614-6623},
	Title = {Nonlinear Random Effects Mixture Models: Maximum Likelihood Estimation via the EM Algorithm},
	Volume = {51},
	Year = {2007}}

@article{DArgenio09,
	Author = {D. Z. D{'}Argenio and A. Schumitzky and X. Wang},
	Journal = {Computational Statistics and Data Analysis},
	Pages = {3907-3915},
	Title = {Population pharmacokinetic mixture models via maximum a posteriori estimation},
	Volume = {53},
	Year = {2009}}

@article{Drusano14,
	Author = {Drusano, G.L. and Neely, M.N. and van Guilder, M. \\ and Schumitzky, A. and Brown, D. and Fikes, S. \\ and Peloquin, C. and Louie, A.},
	Journal = {PLoS ONE},
	Number = {7},
	Pages = {e101311},
	Title = {Analysis of combination drug therapy to develop \\ regimens with shortened duration treatment for \\ tuberculosis},
	Volume = {9},
	Year = {2014}}

@article{Drusano03,
	Author = {Tam,V.H. and Preston S.L. and Drusano, G.L.},
	Date-Modified = {2016-11-30 01:28:17 +0000},
	Journal = {Antimicrobial Agents and Chemotherapy},
	Pages = {2888--2891},
	Title = {Optimal Sampling Schedule Design for Populations of Patients},
	Volume = {47},
	Year = {2003}}

@article{DVODE2,
	Author = {G. D. Byrne and A. C. Hindmarsh},
	Journal = {{ACM} Trans. Math. Software},
	Pages = {71--96},
	Title = {A Polyalgorithm for the Numerical Solution of Ordinary Differential Equations},
	Volume = {1},
	Year = {1975}}

@techreport{DVODE3,
	Address = {Livermore, CA, 94550, USA},
	Author = {A. C. Hindmarsh and G. D. Byrne},
	Department = {Computing and Mathematics Research Division, L-316},
	Institution = {Lawrence Livermore National Laboratory},
	Journal = {LLNL Report UCID-30112, Rev. 1},
	Month = {April},
	Title = {{EPISODE:} An Effective Package for the Integration of Systems of Ordinary Differential Equations},
	Year = {1977}}

@techreport{DVODE4,
	Address = {Livermore, CA, 94550, USA},
	Author = {G. D. Byrne and A. C. Hindmarsh},
	Department = {Computing and Mathematics Research Division, L-316},
	Institution = {Lawrence Livermore National Laboratory},
	Journal = {LLNL Report UCID-30132},
	Month = {April},
	Title = {{EPISODEB:} An Experimental Package for the Integration of Systems of Ordinary Differential Equations with Banded Jacobians},
	Year = {1976}}

@inbook{DVODE5,
	Address = {Amsterdam},
	Author = {A. C. Hindmarsh},
	Chapter = {{ODEPACK}, a Systematized Collection of {ODE} Solvers},
	Note = {ed. R. S. Stepleman, et. al.},
	Pages = {55--64},
	Publisher = {North-Holland},
	Title = {Scientific Computing},
	Year = {1983}}

@article{DVODE6,
	Author = {K. R. Jackson and R. Sacks-Davis},
	Journal = {{ACM} Trans. Math. Software},
	Pages = {295--318},
	Title = {An Alternative Implementation of Variable Step-Size Multistep Formulas for Stiff {ODE}s},
	Volume = {6},
	Year = {1980}}

@techreport{EMA2007,
	Address = {7 Westferry Circus, Canary Wharf, London, E14 4HB, UK},
	Author = {{European Medicines Agency}},
	Department = {Committee For Medicinal Products For Human Use (CMPH)},
	Institution = {European Medicines Agency},
	Month = {June},
	Note = {This report is specific to the use of {NONMEM}.},
	Title = {Guideline on Reporting the Results of Population Pharmacokinetic Analyses},
	Year = {2007}}

@article{FaureSequence,
	Author = {Henri Faure},
	Journal = {Acta Arithmetica},
	Pages = {337--351},
	Title = {Discr{\'e}pance de suites associ{\'e}es {\'a} un syst{\`e}me de num{\'e}ration (en dimension s)},
	Volume = {41},
	Year = {1982}}

@article{DoFaureSequence,
	Author = {B. L. Fox},
	Coden = {ACMSCU},
	Issn = {0098-3500},
	Journal = {{ACM} Transactions on Mathematical Software},
	Note = {http://www.netlib.org/toms/647},
	Number = {4},
	Pages = {362--376},
	Title = {{Algorithm 647}: Implementation and Relative Efficiency of Quasirandom Sequence Generators},
	Url = {http://doi.acm.org/10.1145/22721.356187},
	Volume = {12},
	Year = {1986},
	Bdsk-Url-1 = {http://doi.acm.org/10.1145/22721.356187}}

@article{InitFaureSequence,
	Author = {P. Bratley and B. L. Fox},
	Coden = {{ACMSCU}},
	Issn = {0098-3500},
	Journal = {{ACM} Transactions on Mathematical Software},
	Note = {http://www.netlib.org/toms/659},
	Number = {1},
	Pages = {88--100},
	Title = {{Algorithm 659}: Implementing {Sobol}'s Quasirandom Sequence Generator},
	Url = {http://doi.acm.org/10.1145/42288.214372},
	Volume = {14},
	Year = {1988},
	Bdsk-Url-1 = {http://doi.acm.org/10.1145/42288.214372}}

@book{Fedorov1972,
	Author = {Fedorov, V. V.},
	Date-Modified = {2016-05-17 21:53:42 +0000},
	Note = {edited and translated by W.J. Studden and E.M. Klimko},
	Publisher = {Academic Press},
	Title = {Theory of Optimal Experiments},
	Year = {1972}}

@unpublished{Feng2015,
	Author = {L Feng and LH Dicker},
	Note = {stat.rutgers.edu},
	Title = {Nonparametric maximum likelihood for mixture models: A convex optimization approach to fitting arbitrary multivariate mixing distributions},
	Year = {2015}}

@techreport{GuideForIndustryPopPK1999,
	Author = {{U.S. Department of Health and Human Services}},
	Department = {Center for Drug Evaluation and Research (CDER) and Center for Biologics Evaluation and Research (CBER)},
	Institution = {United States Department of Health and Human Services, Food and Drug Administration},
	Month = {February},
	Note = {This report is specific to using {NONMEM}. However, page 13, section VII.C.Outliers, points toward the work of \cite{Mallet1986} and \cite{Wake1996} as better approaches.},
	Title = {Guidance for Industry Population Pharmacokinetics},
	Year = {1999}}

@article{Godfrey86,
	Author = {K. R. Godfrey},
	Journal = {Math Model},
	Pages = {1195--1214},
	Title = {The identifiability of parametric models used in biomedicine},
	Volume = {7},
	Year = {1986}}

@article{InteriorMethods02,
	Author = {A. Forsgren and P. Gill and M. Wright},
	Journal = {SIAM Review},
	Number = {4},
	Pages = {525--597},
	Title = {Interior Methods for Nonlinear Optimization},
	Volume = {44},
	Year = {2002}}

@book{Jazwinski1970,
	Address = {New York},
	Author = {AH Jazwinski},
	Publisher = {Academic Press},
	Title = {Stochastic processing and filtering theory}}

@article{Jelliffe00,
	Author = {R. Jelliffe},
	Journal = {Therapeutic Drug Monitoring},
	Pages = {320--325},
	Title = {Goal-Oriented, Model-Based Drug Regimens: Setting Individualized Goals for each Patient},
	Volume = {22},
	Year = {2000}}

@article{JelliffeEtAl00a,
	Author = {R. Jelliffe and D. Bayard and M. Milman and M Van Guilder and A. Schumitzky},
	Journal = {Therapeutic Drug Monitoring},
	Pages = {346--353},
	Title = {Achieving Target Goals most Precisely using Nonparametric Compartmental Models and `Multiple Model' Design of Dosage Regimens},
	Volume = {22},
	Year = {2000}}

@article{JelliffeEtAl1998,
	Author = {R. Jelliffe and A. Schumitzky and D. Bayard and M. Milman and M. VanGuilder and X. Wang and F. Jiang and X. Barbaut and P. Maire},
	Journal = {Clin. Pharmacokinet.},
	Pages = {57--77},
	Title = {Model-based, goal-oriented, individualized drug therapy},
	Volume = {34},
	Year = {1998}}

@article{JelliffeEtAl00b,
	Author = {R. Jelliffe and A. Schumitzky and M Van Guilder},
	Journal = {Therapeutic Drug Monitoring},
	Pages = {354--365},
	Title = {Population Pharmacokinetic / Pharmacodynamic Modeling: Parametric and Nonparametric Methods},
	Volume = {22},
	Year = {2000}}

@article{JelliffeEtAl93,
	Author = {R. Jelliffe and A. Schumitzky and M Van Guilder and Min Liu and Lorinda Hu and Pascal Maire and Pilar Gomis and Xavier barbaut and Babak Tahani},
	Journal = {Therapeutic Drug Monitoring},
	Note = {Second Jerusalem Conference on Pharmaceutical Sciences and Clinical Pharmacology, Jerusalem, Israel. May 25-28, 1992.},
	Pages = {380--393},
	Title = {Individualizing Drug Dosage Regimens: Roles of Population Pharmacokinetic and Dynamic Models, Bayesian Fitting, and Adaptive Control},
	Volume = {15},
	Year = {1993}}

@article{JelliffeEtAl09,
	Author = {R. Jelliffe and A. Schumitzky and D. Bayard and R. Leary and A. Botnen and M Van Guilder and A. Bustad and M. Neely},
	Journal = {Current Pharmacogenomics and personalized Medicine},
	Pages = {249--262},
	Title = {Human Genetic Variation, Population Pharmacokinetic-Dynamic Models, Bayesian Feedback Control, and Maximally precise Individualized Drug Dosage Regimens},
	Volume = {7},
	Year = {2009}}

@article{JelliffeHybrid2010,
	Author = {R. Jelliffe and D. Bayard and R. Leary and A. Schumitzky and M Van Guilder and A. Botnen and A. Bustad and M. Neely},
	Journal = {in preparation},
	Title = {A Hybrid Bayesian Method to Obtain Bayesian Posterior Parameter Distributions in Nonparametric Pharmacokinetic Models for Individual Patients}}

@article{Jelliffe1992,
	Author = {R.W. Jelliffe and A. Schumitzky and M Van Guilder},
	Journal = {Drug Investigation},
	Number = {1},
	Pages = {20--29},
	Title = {Nonpharmacokinetic clinical factors affecting aminoglycoside therapeutic precision},
	Volume = {4},
	Year = {1992}}

@article{Kang2012,
	Author = {D. Kang and K-S Bae and B. Houk and R. Savic and M. Karlsson},
	Journal = {Korean J. Physiol Pharmacol},
	Month = {April},
	Pages = {97--106},
	Title = {Standard error of empirical Bayes estimate in NONMEM\copyright VI},
	Url = {http://dx.doi.org/10.4196/kjpp.2012.16.2.97},
	Volume = {16},
	Year = {2012},
	Bdsk-Url-1 = {http://dx.doi.org/10.4196/kjpp.2012.16.2.97}}

@article{KoenkerMizera14,
	Author = {R. Koenker and I. Mizera},
	Journal = {J. Am. Stat. Assoc.},
	Note = {\url{http://www.econ.uiuc.edu/$\sim$roger/research/ebayes/brown.pdf}},
	Pages = {674--85},
	Title = {Convex optimization, shape constraints, compound decisions, and empirical Bayes rules},
	Volume = {109},
	Year = {2014}}

@article{Carlsson2009,
	Author = {K. Carlsson and M. van de Schootbrugge and H.O. Eriksen and E.R. Moberg and M.O. Karsson and N.O. Hoem},
	Journal = {Therapeutic Drug Monitoring},
	Month = {February},
	Pages = {86--94},
	Title = {A Population Pharmacokinetic Model of Gabapentin Developed in Nonparametric Adaptive Grid and Nonlinear Mixed Effects Modeling},
	Volume = {31(1)},
	Year = {2009}}

@article{Kiefer1956,
	Author = {J. Kiefer and J. Wofowitz},
	Date-Modified = {2016-05-18 14:56:48 +0000},
	Journal = {Ann. Math. Statist.},
	Pages = {887--906},
	Title = {Consistency of the Maximum Likelihood Estimator in the Presence of Infinitely many Incidental Parameters},
	Volume = {27},
	Year = {1956}}

@article{Klim2009,
	Author = {S Klim and SB Mortensen and DN Kristensen and R Overgaard and H Madsen},
	Journal = {Computer Methods and Programs in Biomedicine},
	Pages = {279--89},
	Title = {Population stochastic modeling (PSM) -- An R package for mixed-effects models based on stochastic differential equations},
	Volume = {94},
	Year = {2009}}

@book{Kumar1986,
	Address = {Englewood Cliffs, New Jersey},
	Author = {PR Kumar and P Varaiya},
	Publisher = {Prentice-Hall},
	Title = {Stochastic Systems: Estimation, Identification, and Adaptive Control},
	Year = {1986}}

@misc{LAPKdotOrg,
	Author = {R. Jelliffe},
	Note = {\url{http://www.lapk.org}},
	Title = {Laboratory of Applied Pharmacokinetics},
	Year = {2010}}

@book{laug,
	Address = {Philadelphia, PA},
	Author = {Anderson, E. and Bai, Z. and Bischof, C. and Blackford, S. and Demmel, J. and Dongarra, J. and Du Croz, J. and Greenbaum, A. and Hammarling, S. and McKenney, A. and Sorensen, D.},
	Edition = {Third},
	Isbn = {0-89871-447-8 (paperback)},
	Publisher = {Society for Industrial and Applied Mathematics},
	Title = {{LAPACK} Users' Guide},
	Year = {1999}}

@article{Lavielle07,
	Author = {Lavielle, M. and Mentre, F.},
	Journal = {J. Pharmacokinet. Pharmacodyn.},
	Month = {Apr},
	Note = {Epub 2007 Jan 9},
	Number = {2},
	Pages = {229-49},
	Title = {Estimation of population pharmacokinetic parameters of \\ saquinavir in HIV patients with the MONOLIX software},
	Volume = {34},
	Year = {2007}}

@article{Leary01,
	Address = {Los Alamitos, CA, USA},
	Author = {R. Leary and R. Jelliffe and A. Schumitzky and M. Van Guilder},
	Doi = {http://doi.ieeecomputersociety.org/10.1109/CBMS.2001.941750},
	Isbn = {0-7695-1004-3},
	Journal = {14th IEEE Symposium on Computer-Based Medical Systems ({CBMS'01})},
	Pages = {0389},
	Publisher = {IEEE Computer Society},
	Title = {An Adaptive Grid Non-Parametric Approach to Pharmacokinetic \\ and Dynamic ({PK/PD}) Population Models},
	Volume = {0},
	Year = {2001},
	Bdsk-Url-1 = {http://doi.ieeecomputersociety.org/10.1109/CBMS.2001.941750}}

@conference{Leary03,
	Author = {R. Leary and R. Jelliffe and A. Schumitzky and M. Van Guilder},
	Booktitle = {Abstracts of the Annual Meeting of the Population Approach Group in Europe},
	Location = {Verona, Italy},
	Month = {June 12-13},
	Pages = {Abstract 421},
	Series = {PAGE 12},
	Title = {Improved Computational Methods for Statistically Consistent and \\ Efficient {PK/PD} Population Analysis.},
	Year = {2003}}

@conference{Leary04,
	Author = {R. Leary and R. Jelliffe and A. Schumitzky and M. Van Guilder},
	Booktitle = {Abstracts of the Annual Meeting of the Population Approach Group in Europe},
	Location = {Paris, France},
	Month = {June 6-7},
	Pages = {Abstract 302},
	Series = {PAGE 11},
	Title = {A unified parametric/nonparametric approach to population {PK/PD} modeling.},
	Year = {2004}}

@conference{Leary2008,
	Author = {R.H. Leary and J. Chittenden},
	Booktitle = {Abstracts of the Annual Meeting of the Population Approach Group in Europe},
	Location = {Marseille, France},
	Month = {June},
	Pages = {17},
	Series = {PAGE2008},
	Title = {A Nonparametric Analogue to POSTHOC Estimates for Exploratory Data Analysis},
	Year = {2008}}

@article{Lesperance1992,
	Author = {M. L . Lesperance and J. D. Kalbfleisch},
	Journal = {J. Am. Stat. Assoc.},
	Pages = {120-126},
	Title = {An algorithm for computing the nonparametric {MLE} of a mixing distribution},
	Volume = {87},
	Year = {1992}}

@article{Lindsay1983,
	Author = {B. G. Lindsay},
	Journal = {Ann. Statist.},
	Pages = {86--94},
	Title = {The Geometry of Mixture Likelihoods: A general theory},
	Volume = {11},
	Year = {1983}}

@article{Mallet1986,
	Author = {A. Mallet},
	Journal = {Biometrika},
	Pages = {645--656},
	Title = {A Maximum Likelihood Estimation Method for Random Coefficient Regression Models},
	Volume = {73},
	Year = {1986}}

@article{Martin2015,
	Author = {R Martin},
	Doi = {10.1080/03610926.2012.743566},
	Journal = {Communications in Statistics - Theory and Methods},
	Number = {2},
	Pages = {286-299},
	Title = {Asymptotically Optimal Nonparametric Empirical Bayes Via Predictive Recursion},
	Volume = {44},
	Year = {2015},
	Bdsk-Url-1 = {http://dx.doi.org/10.1080/03610926.2012.743566}}

@article{Mentre1994,
	Author = {F. Mentr\'e and A. Mallet},
	Journal = {international Journal of Biomedical Computing},
	Pages = {25--33},
	Title = {Handling Covariates in Population Pharmacokinetics},
	Volume = {36},
	Year = {1994}}

@article{Mortensen2007,
	Author = {M Mortensen and S Klim and B Dammann and N Kristensen and H Madsen and R Overgaard},
	Journal = {Journal of Pharmacokinetics and Pharmacodynamics},
	Pages = {623--42},
	Title = {A MATLAB framework for estimation of NLME models using stochastic differential equations},
	Volume = {34},
	Year = {2007}}

@article{Muller2013,
	Author = {M\:uller, Peter and Mitra, Riten},
	Doi = {10.1214/13-BA811},
	Fjournal = {Bayesian Analysis},
	Journal = {Bayesian Anal.},
	Month = {06},
	Number = {2},
	Pages = {269--302},
	Publisher = {International Society for Bayesian Analysis},
	Title = {Bayesian Nonparametric Inference -- Why and How},
	Url = {http://dx.doi.org/10.1214/13-BA811},
	Volume = {8},
	Year = {2013},
	Bdsk-Url-1 = {http://dx.doi.org/10.1214/13-BA811}}

@techreport{Nonlin,
	Address = {Kalamazoo, Michigan, USA},
	Author = {C.M. Metzler},
	Journal = {Technical Report No. 7292/69/7292/005},
	Month = {November},
	Publisher = {The Upjohn Company},
	Title = {NONLIN: A Computer Program for Parameter Estimation in Nonlinear Situations},
	Year = {1969}}

@article{Milman01,
	Author = {M. Milman and F. Jiang and R Jelliffe},
	Journal = {Computers in Biology and Medicine},
	Pages = {197--214},
	Title = {Creating Discrete Joint Densities from Continuous ones: the Moment-Matching, Maximum Entropy Approach},
	Volume = {31},
	Year = {2001}}

@article{Montgomery01,
	Author = {M. Montgomery and P. Beringer and A. Aminimanizani and S. Louie and B. Shapiro and R. Jelliffe and M. Gill},
	Journal = {Antimicrobial Agents and Chemotherapy},
	Pages = {3468--3473},
	Title = {Population Pharmacokinetics and Use of {Monte Carlo} Simulation to Evaluate Currently Recommended Dosing Regimens of Ciprofloxacin in Adult Patients with Cystic Fibrosis},
	Volume = {45},
	Year = {2001}}

@article{Neely2011PMetrics,
	Author = {M. Neely and M. van Guilder and W.M. Yamada and A. Schumitzky and R. Jelliffe},
	Journal = {Therapeutic Drug Monitoring},
	Number = {4},
	Pages = {467--476},
	Title = {Accurate Detection of Outliers and Subpopulations with Pmetrics: a non-parametric and parametric pharmacometric package for {R}},
	Volume = {34},
	Year = {2012}}

@article{Pilla2006,
	Author = {R. S. Pilla and F. Bartolucci and B. G. Lindsay},
	Date-Modified = {2016-05-18 14:48:28 +0000},
	Journal = {arXiv},
	Title = {Model building for semiparametric mixtures},
	Year = {2006}}

@article{Premaud2011,
	Author = {A. Pr\'emaud and L. T. Weber and B. T{\"{o}}nshoff and V.W. Armstrong and M. Oellerich and S. Urien and P. Marquet and A. Rousseau},
	Journal = {Pharmacological Research},
	Number = {2011},
	Pages = {216--224},
	Title = {Population pharmacokinetics of mycophenolic acid in pediatric renal transplant patients using parametric and nonparametric approaches},
	Volume = {63},
	Year = {2011}}

@article{Proost2006,
	Author = {J. H. Proost and D. J. Eleveld},
	Journal = {Pharmaceutical Research},
	Number = {12},
	Pagex = {2748--2759},
	Title = {Performance of an Iterative Two-stage Bayesian Technique for Population Pharmacokinetic Analysis of Rich Data Sets},
	Volume = {23},
	Year = {2006}}

@article{Ramos16,
	Author = {Ramos-Martin, V. and Johnson, A. and Livermore, J. and McEntee, L. \\ and Goodwin, J. and Whalley, F //. and Docobo-Perez, F. and Felton, T. W. and Zhao, W. and Jacqz-Aigrain, E. and Sharland, M. and Turner, M.A. and Hope, W. W.},
	Journal = {J Antimicrob Chemother},
	Pages = {992--1002},
	Title = {Pharmacodynamics of vancomycin for CoNS infection: experimental basis for optimal use of vancomycin in neonates.},
	Volume = {71},
	Year = {2016}}

@inbook{Rodman2006,
	Author = {J.H. Rodman and D.Z. D'Argenio and C.C. Peck},
	Chapter = {Analysis of Pharmacokinetic Data for Individualizing Drug Dosage Regimens},
	Edition = {fourth},
	Editor = {M. Burton and L. Shaw and J. Schentag and W. Evans},
	Pages = {40--59},
	Publisher = {Lippincott Williams and Wilkins},
	Title = {Applied Pharmacokinetics and Pharmacodynamics: Principles of Therapeutic Drug Monitoring},
	Year = {2006}}

@book{Rowland1985,
	Address = {1185 Avenue of the Americas, New York, New York, USA},
	Editor = {M. Rowland and L.B. Sheiner and J-L Steimer},
	Publisher = {Raven Press},
	Title = {Variability in Drug Therapy: Description, Estimation, and Control},
	Year = {1985}}

@article{Rougier03,
	Author = {F. Rougier and M. Ducher and M. Maurin and S. Corvaisier and D. Claude and R. Jelliffe and P. Maire},
	Journal = {Clinical Pharmacokinetics},
	Pages = {493--500},
	Title = {Aminoglycoside Dosages and Nephrotoxicity - Quantitative Relationships},
	Volume = {42},
	Year = {2003}}

@conference{Savic2007,
	Author = {R. M. Savic and M. O. Karlsson},
	Booktitle = {Abstracts of the Annual Meeting of the Population Approach Group in Europe},
	Location = {K{\o}benhavn, Denmark},
	Month = {June},
	Series = {PAGE2007},
	Title = {Importance of Shrinkage in Empirical Bayes Estimates for Diagnostics and Estimation: Problems and Solutions},
	Year = {2007}}

@article{Savic1,
	Author = {R. M. Savic and M. C. Kjellsson and M. O. Karlsson},
	Date-Modified = {2016-09-30 08:45:12 +0000},
	Journal = {European Journal of Pharmaceutical Sciences},
	Pages = {27--35},
	Title = {Evaluation of the nonparametric estimation method in {NONMEM VI}},
	Volume = {37},
	Year = {2009}}

@article{Savic2009,
	Author = {R. Savic and M. Karlsson},
	Date-Modified = {2016-09-30 03:44:01 +0000},
	Doi = {10.1208/s12248-009-9133-0},
	Journal = {The AAPS Journal},
	Month = {September},
	Number = {3},
	Pages = {558--569},
	Title = {Importance of shrinkage in empirical Bayes estimates for diagnostics: Problems and solutions},
	Volume = {11},
	Year = {2009},
	Bdsk-Url-1 = {http://dx.doi.org/10.1208/s12248-009-9133-0}}

@article{Schentag77a,
	Author = {J. Schentag and W. Jusko and J. Vance and T. Cumbo and E. Abrutyn and M. DeLattre and L. Gerbracht},
	Journal = {Journal of Pharmacokinetics and Biopharmaceutics},
	Number = {6},
	Pages = {559--577},
	Title = {Gentamicin Disposition and Tissue Accumulation on Multiple Dosing},
	Volume = {5},
	Year = {1977}}

@article{Schentag77b,
	Author = {J. Schentag and J. Jusko},
	Journal = {Clinical Pharmacology and Therapeutics},
	Pages = {364--370},
	Title = {Renal Clearance and Tissue Accumulation of Gentamicin},
	Volume = {22},
	Year = {1977}}

@article{Schentag77c,
	Author = {J. Schentag and J. Jusko and M. Plaut and T. Cumbo and J. Vance and E. Abrutyn},
	Journal = {Journal of the American Medical Association},
	Month = {July},
	Number = {4},
	Pages = {327--329},
	Title = {Tissue Persistence of Gentamicin in Man},
	Volume = {238},
	Year = {1977}}

@inbook{SchentagChapter06,
	Author = {J. Schentag and A. Meagher and R. Jelliffe},
	Chapter = {Aminoglycosides},
	Edition = {fourth},
	Editor = {M. Burton and L. Shaw and J. Schentag and W. Evans},
	Pages = {286--319},
	Publisher = {Lippincott Williams and Wilkins},
	Title = {Applied Pharmacokinetics and Pharmacodynamics: Principles of Therapeutic Drug Monitoring},
	Year = {2006}}

@article{Schumitzky1991,
	Author = {A. Schumitzky},
	Journal = {Applied Mathematics and Computation},
	Pages = {143--157},
	Title = {Nonparametric {EM} Algorithms For Estimating Prior Distributions},
	Volume = {45},
	Year = {1991}}

@inbook{Schumitzky1995,
	Author = {A. Schumitzky},
	Chapter = {{EM} Algorithms and Two-Stage Methods in Pharmacokinetic Population Analysis},
	Editor = {D.Z. D'Argenio},
	Pages = {145--159},
	Publisher = {Plenum Publ. Co.},
	Title = {Advanced Methods of Pharmacokinetic and Pharmacodynamic Systems Analysis, Vol. 2},
	Year = {1995}}

@article{Sheiner1977,
	Author = {L.B. Sheiner and B. Rosenberg and V.V. Marathe},
	Journal = {Journal of Pharmacokinetics and Biopharmaceutics},
	Pages = {635--651},
	Title = {Estimation of Population Characteristics of Population Pharmacokinetic Parameters From Routine Clinical Data},
	Volume = {8},
	Year = {1977}}

@techreport{Sheiner1992,
	Address = {San Francisco, CA, USA},
	Author = {L.B. Sheiner and S.L. Beal},
	Department = {{NONMEM} Project Group},
	Institution = {University of California, San Francisco},
	Title = {{NONMEM} Users Guide},
	Year = {1992}}

@article{Steimer1984,
	Author = {J.L. Steimer and A. Mallet and J.L. Golmard and J.F. Boisvieux},
	Journal = {Drug Metab. Rev.},
	Pages = {265--292},
	Title = {Alternative approaches to estimation of population pharmacokinetic parameters; comparison with the nonlinear mixed effect model},
	Volume = {15},
	Year = {1984}}

@article{Wake1996,
	Author = {J. Wakefield},
	Journal = {J Am Stat Assoc},
	Pages = {62--75},
	Title = {The Bayesian Analysis of Population Pharmacokinetic Models},
	Volume = {91},
	Year = {1996}}

@article{Wang2007,
	Author = {Y. Wang},
	Journal = {J R Statist Soc B},
	Pages = {185--198},
	Title = {On fast computation of the non-parametric maximum likelihood estimate of a mixing distribution},
	Volume = {69},
	Year = {2007}}

@article{Wang2009,
	Author = {Y. Wang},
	Journal = {Comput Stat},
	Pages = {67--81},
	Title = {The constrained Fisher scoring method for maximum likelihood computation of a nonparametric mixing distribution},
	Volume = {24},
	Year = {2009}}

@article{Yafune05,
	Author = {S. Tsuchiwata and K. Mihara and A. Yafune and H. Ogata},
	Journal = {Therapeutic Drug Monitoring},
	Month = {Feb},
	Number = {1},
	Pages = {18--24},
	Title = {Evaluation of Bayesian Estimation of Pharmacokinetic Parameters},
	Volume = {27},
	Year = {2005}}

@article{Yamada2011aNPAG,
	Author = {W.M. Yamada and J. Burke and M. Neely and R.W. Jelliffe and R. Leary and J. Bartroff and M. van Guilder and D. Bayard and A. schumitzky},
	Journal = {{\it submitted to: } Computational Statistics and Data Analysis},
	Note = {Submitted 12/2011},
	Title = {The Non-parametric Adaptive Grid Algorithm for Population Pharmacokinetic Modeling},
	Year = {2012}}

@article{Yamada2011bVal,
	Author = {W.M. Yamada and M. Neely and R.W. Jelliffe and J. Bartroff and M. van Guilder and D. Bayard and A. schumitzky},
	Journal = {{\it submitted to: } Journal of Pharmacokinetics and Pharmacodynamics},
	Note = {Submitted 12/2011},
	Title = {Validation of The Non-parametric Maximum Likelihood Method For Population Pharmacokinetic Modeling},
	Year = {2012}}

@techreport{LAPK-2014-01,
	Address = {Los Angeles, CA},
	Author = {WM Yamada and J Bartroff and D Bayard and J Burke and M van Guilder and R Jelliffe and R Leary and M Neely and A Kryshchenko and A Schumitzky},
	Author1_Email = {wyamada@chla.usc.edu},
	Contact = {wyamada@chla.usc.edu},
	Institution = {Children's Hospital Los Angeles},
	Number = {TR-2014-1},
	Title = {The Nonparametric Adaptive Grid Algorithm for Population Pharmacokinetic Modeling},
	Url = {http://www.lapk.org/techReports.php},
	Year = {2014},
	Bdsk-Url-1 = {http://www.lapk.org/techReports.php}}
